@book{Trefethen:1997:numerical,
    title={Numerical linear algebra},
    author={Trefethen, L.N. and Bau, D.},
    isbn={9780898713619},
    lccn={96052458},
    series={Miscellaneous Bks},
    url={http://books.google.com.br/books?id=bj-Lu6zjWbEC},
    year={1997},
    publisher={Society for Industrial and Applied Mathematics}
}

@book{Golub:1996:matrix,
    title={Matrix computations},
    author={Golub, G.H. and Loan, C.F.V.},
    isbn={9780801854149},
    lccn={96014291},
    series={Johns Hopkins studies in the mathematical sciences},
    url={http://books.google.com.br/books?id=mlOa7wPX6OYC},
    year={1996},
    publisher={Johns Hopkins University Press}
}

@book{Watkins:2004:fundamentals,
  title={Fundamentals of Matrix Computations},
  author={Watkins, D.S.},
  isbn={9780471461678},
  lccn={2002071332},
  series={Pure and Applied Mathematics: A Wiley Series of Texts, Monographs and Tracts},
  url={http://books.google.com.br/books?id=8t7mHZxNqIMC},
  year={2004},
  publisher={John Wiley \& Sons}
}

@book{Meyer:2000:matrix,
  title={Matrix Analysis and Applied Linear Algebra: Solutions Manual},
  author={Meyer, C.D.},
  isbn={9780898714548},
  lccn={00029725},
  series={Matrix Analysis and Applied Linear Algebra},
  url={http://books.google.com.br/books?id=m7W2748ynMcC},
  year={2000},
  publisher={Society for Industrial and Applied Mathematics}
}

@article{Silvester:2000:determinants,
    title={Determinants of block matrices},
    author={Silvester, J.R.},
    journal={The Mathematical Gazette},
    volume={84},
    number={501},
    pages={460--467},
    year={2000},
    publisher={JSTOR}
}

@article{Kovacs:1999:determinants,
    title={Determinants of block matrices and schurâ€™s formula},
    author={Kovacs, I. and Silver, D.S. and Williams, S.G.},
    journal={Amer. Math. Monthly},
    volume={106},
    pages={950--952},
    year={1999},
    publisher={Citeseer}
}
